@book{einstein,
    url = "http://www.driea.ile-de-france.developpement-durable.gouv.fr/la-construction-de-logements-en-ile-de-france-note-a5505.html"
}
 
@book{dirac,
    url = "https://devagnos.com/ "
}
@book{hl,
    url = "https://www.homelinks.eu/ "
}
@book{drawio,
    url = "https://www.draw.io/  "
}
@book{vsc,
    url = "https://code.visualstudio.com/docs  "
}
@book{wb,
    url = "https://www.mysql.com/products/workbench/   "
}
@book{laravel,
    url = "https://laravel.com/  "
}
@book{angular,
    url = "https://angular.io/  "
}
@book{app,
    url = "https://homelinks.devagnos.cloud/  "
}

@book{latex,
    url = "https://www.overleaf.com "
}
@book{3tiers,
    url = "https://www.jinfonet.com/resources/bi-defined/3-tier-architecture-complete-overview/ "
}
@book{mvc,
    url = "https://www.tutorialspoint.com/mvc_framework/mvc_framework_introduction.htm"
    }